
@incollection{wsn-timecali,
    author = "Kay R{\"o}mer and Philipp Blum and Lennart Meier",
    editor = "Ivan Stojmenovic",
    title = "Time Synchronization and Calibration in Wireless Sensor Networks",
    booktitle = "Handbook of Sensor Networks: Algorithms and Architectures",
    publisher = "John Wiley and Sons",
    year = "2005",
    month = sep,
    isbn = "0-471-68472-4",
    pages = "199--237",
}

@article{timing-error,
 author = {Qing Ye and Yuecheng Zhang and Liang Cheng},
 title = {A study on the optimal time synchronization accuracy in wireless sensor networks},
 journal = {Comput. Netw.},
 volume = {48},
 number = {4},
 year = {2005},
 issn = {1389-1286},
 pages = {549--566},
 doi = {http://dx.doi.org/10.1016/j.comnet.2004.10.018},
 publisher = {Elsevier North-Holland, Inc.},
 address = {New York, NY, USA},
 }

@misc{ ganeriwal03timingsync,
  author = "S. Ganeriwal and R. Kumar and M. Srivastava",
  title = "Timingsync Protocol for Sensor Networks",
  text = "S. Ganeriwal, R. Kumar, M. B. Srivastava: Timingsync Protocol for Sensor
    Networks, ACM SenSys 2003.",
  year = "2003"
  }
@misc{ elson02finegrained,
  author = "J. Elson and L. Girod and D. Estrin",
  title = "Fine-Grained Network Time Synchronization using Reference Broadcasts",
  text = "Jeremy Elson, Lewis Girod and Deborah Estrin, Fine-Grained Network Time
    Synchronization using Reference Broadcasts. Submitted for review, February
    2002.",
  year = "2002"
  }
@misc{ kusy05elapsed,
  author = "B. Kusy and P. Dutta and P. Lewis and M. Mar and A. Edeczi and D. Culler",
  title = "Elapsed time on arrival: A simple and versatile primitive for canonical
    time synchronization services",
  text = "KUSY,B.,DUTTA,P.,LEWIS,P.,MAR OTI, M., L EDECZI, A., AND CULLER,D. 2005.
    Elapsed time on arrival: A simple and versatile primitive for canonical
    time synchronization services. Int. J. Ad Hoc Ubiq. Comput. In press.",
  year = "2005"
  }

@article{gupta99capacity,
     author = "P. Gupta and P.R. Kumar",
     title = "The capacity of wireless networks",
     journal = "IEEE Trans. Info. Theory",
     volume = IT-46,
     pages = "388 -- 404",
     month = "March",
     year = 2000
}
@article{liu03capacity,
     author =  "B. Liu and Z. Liu and D. Towsley",
     title =  "On the capacity of hybrid wireless networks",
     journal = "IEEE INFOCOM",
     volume = {},
     pages = "",
     month = "March",
     year = 2003
}
@article{bianchi80211,
    author = {Bianchi, G. },
    citeulike-article-id = {306043},
    journal = {Selected Areas in Communications, IEEE Journal on},
    keywords = {network performance wifi},
    number = {3},
    pages = {535--547},
    priority = {2},
    title = {Performance analysis of the IEEE 802.11 distributed coordination function},
    url = {http://ieeexplore.ieee.org/xpls/abs_all.jsp?arnumber=840210},
    volume = {18},
    year = {2000}
}
@article{cali80211,
 author = {Frederico Cal\&\#236; and Marco Conti and Enrico Gregori},
 title = {Dynamic tuning of the IEEE 802.11 protocol to achieve a theoretical throughput limit},
 journal = {IEEE/ACM Trans. Netw.},
 volume = {8},
 number = {6},
 year = {2000},
 issn = {1063-6692},
 pages = {785--799},
 doi = {http://dx.doi.org/10.1109/90.893874},
 publisher = {IEEE Press},
 address = {Piscataway, NJ, USA},
}
@article{wang2003multihop,
 author = {Y. Yang, J. Wang, and R. Kravets},
 title = {Achievable bandwidth prediction in multihop wireless networks},
 journal = {UIUC Tech. Rep.},
 volume = {},
 number = {UIUCDCS-R-2003-2367},
 year = {2003},
 issn = {},
 pages = {},
 month = {Dec}
}
@article{subramultihop,
 author = {Farshid Alizadeh-Shabdiz and Suresh Subramaniam},
 title = {Analytical models for single-hop and multi-hop ad hoc networks},
 journal = {Mob. Netw. Appl.},
 volume = {11},
 number = {1},
 year = {2006},
 issn = {1383-469X},
 pages = {75--90},
 doi = {http://dx.doi.org/10.1007/s11036-005-4462-4},
 publisher = {Kluwer Academic Publishers},
 address = {Hingham, MA, USA},
 }
@article{wang2006multihop,
 author = {K. Wang, F. Yang, Q. Zhang, and Y. Xu},
 title = {Modeling Path Capacity in Multi-hop IEEE 802.11 Networks for QoS Services},
 journal = {To appear in IEEE Trans. Wireless Communications},
 volume = {{http://research.microsoft.com/research/pubs/view.aspx?pubid=1554}},
 number = {},
 year = {2006},
 issn = {},
 pages = {},
 month = {May}
}

@electronic{ns_2,
  author        = "",
  title         = "The Network Simulator - ns-2: http://www.isi.edu/nsnam/ns/",
  url           = "http://www.isi.edu/nsnam/ns/",
  year          = ""
};

@article{Ariyur2003,
 author = {Kartik B. Ariyur and Miroslav Krstic},
 title = {Real-Time Optimization by Extremum-Seeking Control},
 journal = {Wiley / Mathematics \& Statistics / Optimization / },
 volume = {},
 number = {},
 year = {2003},
 issn = {},
 pages = {},
 month = {}
}
@article{Holland1975,
 author = {John H. Holland},
 title = {Adaptation in Natural and Artificial Systems},
 journal = {University of Michigan Press},
 volume = {},
 number = {},
 year = {1975},
 issn = {},
 pages = {},
 month = {}
}

@article{dutta2007procrastination,
    author = {P. Dutta and D. Culler and S. Shenker},
    journal = {HotNets-VI},
    title = {Procrastination Might Lead to a Longer and More Useful Life},
    year = {2007}
}
@misc{maxim2008ds32b35,
    author = {{MAXIM}},
    howpublished = {http://www.maxim-ic.com/quick\_view2.cfm/qv\_pk/5283},
    month = {April},
    title = {{DS32B35}, Accurate {I}$^2${C} {RTC} with Integrated {TCXO}/Crystal/{FRAM}},
    year = {2008}
}
@article{maroti2004ftsp,
    author = {Mar{\'o}ti, M. and Kusy, B. and Simon, G. and L{\'e}deczi, {\'A}.},
    journal = {SenSys '08},
    pages = {39--49},
    title = {The flooding time synchronization protocol},
    year = {2004}
}
@misc{mosscam,
    author = {{James Reserve}},
    howpublished = {http://www.jamesreserve.edu/mosscam/},
    title = {MossCam},
    year = {2007}
}
@article{schmid2008scxo,
    author = {Thomas Schmid and Zainul Charbiwala and Jonathan Friedman and Young H. Cho and Mani B. Srivastava},
    journal = {Sigmetrics},
    title = {Exploiting Manufacturing Variations for Compensating Environment-induced Clock Drift in Time Synchronization},
    year = {2008}
}
@article{SOLO,
    author = {Victor Solo},
    journal = {Proc. of the $35^{th}$ IEEE Conference on Decision and Control},
    title = {Stability of the Kalman filter with stochastic time varying parameters},
    year = {1996}
}
@article{BOUGEROL,
    author = {Phillipe Bougerol},
    journal = {SIAM J. Control and Optimization},
    title = {Kalman filtering with random coefficients and contractions},
    year = {1993}
}
@book{BJORK,
author = {Ake Bj\~{o}rk},
title = {Numerical Methods for Least Squares Problems}
year = {1996}
}
@article{ PRAJ,
  author = "S. Prajna and A. Jadbabaie",
  title = "Safety verification of hybrid systems using barrier certificates",
  journal = {Hybrid Systems: Computation and Control, HSCC 2004.},
  year = "2004",
}
@article{GLA,
author = "Sonja Glavaski and Dharmashankar Subramanian and Kartik B. Ariyur and Ranjana Ghosh and Nitin Lamba and Antonis Papachristodoulou",
title = {A Nonlinear Hybrid Life Support System: Dynamic Modeling, Control Design, and Safety Verification},
journal = { IEEE Transactions on Control Systems Technology},
year = {2007}
%Volume 15, Issue 6, Nov. 2007 Page(s):1003 - 1017
}
