INPROCEEDINGS{chen12, 
	author={Huimin Chen},
	booktitle={Information Fusion (FUSION), 2012 15th International Conference on},
	title={Adaptive cubature Kalman filter for nonlinear state and parameter estimation},
	year={2012},
	pages={1413-1420}
}

@article{doerffel06,
title = "A critical review of using the Peukert equation for determining the remaining capacity of lead-acid and lithium-ion batteries",
journal = "Journal of Power Sources",
volume = "155",
number = "2",
pages = "395 - 400",
year = "2006",
issn = "0378-7753",
doi = "http://dx.doi.org/10.1016/j.jpowsour.2005.04.030",
OPTurl = "http://www.sciencedirect.com/science/article/pii/S0378775305007093",
author = "Dennis Doerffel and Suleiman Abu Sharkh",
}

@INPROCEEDINGS{chiasserini99, 
author={Chiasserini, C.F. and Rao, R.R.}, 
booktitle={Wireless Communications and Networking Conference, 1999. WCNC. 1999 IEEE}, 
title={A model for battery pulsed discharge with recovery effect}, 
year={1999}, 
pages={636-639 vol.2}, 
doi={10.1109/WCNC.1999.796721}, 
ISSN={1525-3511}
}

@ARTICLE{jongerden09, 
author={Jongerden, M.R. and Haverkort, B.R.}, 
journal={Software, IET}, 
title={Which battery model to use?}, 
year={2009}, 
month={December}, 
volume={3}, 
number={6}, 
pages={445-457}, 
doi={10.1049/iet-sen.2009.0001}, 
ISSN={1751-8806}
}

@ARTICLE{capizzi11, 
author={Capizzi, G. and Bonanno, F. and Tina, G.M.}, 
journal={Energy Conversion, IEEE Transactions on}, 
title={Recurrent Neural Network-Based Modeling and Simulation of Lead-Acid Batteries Charge-Discharge}, 
year={2011}, 
month={June}, 
volume={26}, 
number={2}, 
pages={435-443}, 
doi={10.1109/TEC.2010.2095015}, 
ISSN={0885-8969}
}

@ARTICLE{shen02, 
author={Shen, W.X. and Chan, C.C. and Lo, E. W C and Chau, K.T.}, 
journal={Industrial Electronics, IEEE Transactions on}, 
title={Adaptive neuro-fuzzy modeling of battery residual capacity for electric vehicles}, 
year={2002}, 
month={Jun}, 
volume={49}, 
number={3}, 
pages={677-684}, 
doi={10.1109/TIE.2002.1005395}, 
ISSN={0278-0046}
}

@article{manwell93,
author={J.F. Manwell and J.G. McGowan},
journal={Solar Energy},
title={Lead acid battery storage model for hybrid energy system},
year={1993},
volume={50},
number={5},
pages={399-405}
}

@inproceedings{rakhmatov01,
 author = {Rakhmatov, Daler N. and Vrudhula, Sarma B. K.},
 title = {An Analytical High-level Battery Model for Use in Energy Management of Portable Electronic Systems},
 booktitle = {Proceedings of the 2001 IEEE/ACM International Conference on Computer-aided Design},
 series = {ICCAD '01},
 year = {2001},
 isbn = {0-7803-7249-2},
 location = {San Jose, California},
 pages = {488--493},
 numpages = {6},
 acmid = {603196},
 publisher = {IEEE Press},
 address = {Piscataway, NJ, USA},
} 