File /home/murray/cdspanel/cdspanel.bib last modified on Sun Jun 23 14:09:48 2002.

@STRING{ieeeTAC = "IEEE Transactions on Automatic Control"}
@string{cell = "Cell"}
@STRING{ConSysMag = "Control Systems Magazine"}
@string{ieeetm = "IEEE Transactions on Mechatronics"}
@string{nature = "Nature"}
@STRING{jcp = "Journal of Chemical Physics"}
@STRING{pnas = "Proceedings of the National Academy of Sciences"}
@STRING{jmc = "Journal of Mathematical Chemistry"}
@STRING{science = "Science"}

@BOOK{mcfarland53,
  EDITOR = {M. W. McFarland},
  TITLE = {The Papers of Wilbur and Orville Wright},
  PUBLISHER = {McGraw Hill},
  YEAR = {1953}
}

@Book{hughes93,
  author =       "Hughes, T. P.",
  title =        "Elmer Sperry Inventor and Engineer",
  publisher =    "The John Hopkins University Press",
  year =         1993,
  address =      "London"
}

@ARTICLE{Row58:psm,
  AUTHOR = {F. Rowsone Jr.},
  TITLE = {What It's Like to Drive an Auto-Pilot Car},
  JOURNAL = {Popular Science Monthly},
  YEAR = {1958},
  MONTH = Apr,
  NOTE = {Available at
	  \url{http://www.imperialclub.com/ImFormativeArticles/1958AutoPilot}}
}

@ARTICLE{Dic+00-science,
  AUTHOR = {M. H. Dickinson and C. T. Farley and R. J. Full and
	    M. A. R. Koehl and R. Kram and S. Lehman},
  TITLE = {How Animals Move: An Integrative View},
  JOURNAL = science,
  YEAR = {2000},
  VOLUME = {288},
  PAGES = {100--106}
}

@ARTICLE{pn00-cep,
  AUTHOR = {W. F. Powers and P. R. Nicastri},
  TITLE = {Automotive vehicle control challenges in the 21st century},
  JOURNAL = {Control Engineering Practice},
  YEAR = {2000},
  VOLUME = {8},
  PAGES = {605--618}
}

@ARTICLE{BP96-mech,
  AUTHOR = {M. B. Barron and W. F. Powers},
  TITLE = {The Role of Electronic Controls for Future Automotive Mechatronic
	   Systems},
  JOURNAL = ieeeTM,
  YEAR = {1996},
  VOLUME = {1},
  NUMBER = {1},
  PAGES = {80--89}
}

@MISC{Jac98-nanog,
  AUTHOR = {V. Jacobson},
  TITLE = {Notes on using {RED} for Queue Management and Congestion Avoidance},
  HOWPUBLISHED = {Presentation, North American Network Operators' Group 
		  meeting},  
  MONTH = jun,
  YEAR = {1998},
  NOTE = {Available at \url{http://www.nanog.org/mtg-9806/ppt/vj-nanog-red.pdf}}
}

@ARTICLE{qb02-cep,
  AUTHOR = {S. J. Qin and T. A. Badgwell},
  TITLE = {A Survey of Industrial Model Predictive Control Technology},
  JOURNAL = {Control Engineering Practice},
  YEAR = {2002},
  NOTE = {To appear}
}

@BOOK{Fle88,
  EDITOR = {W. H. Fleming},
  TITLE = {Future Directions in Control Theory: A Mathematical Perspective},
  PUBLISHER = {SIAM},
  YEAR = {1988}
}

@misc{EC00,
  TITLE = {Workshop on Future and Emerging Control Systems},
  YEAR = {2000},
  AUTHOR = {{European Commission}},
  MONTH = Nov,
  NOTE = {Available at \url{ftp://ftp.cordis.lu/pub/ist/docs/ka4/report_controlws.pdf}}
}

@ARTICLE{Lev+87-tac,
  AUTHOR = {A. H. Levis and S. I. Marcus and W. R. Perkins and P. Kokotovic 
	    and M. Athans and R. W. Brockett and A. S. Willsky},
  TITLE = {Challenges to Control:  A Collective View},
  JOURNAL = ieeeTAC,
  YEAR = {1987},
  VOLUME = {AC-32},
  NUMBER = {4},
  PAGES = {275-285}
}

@PROCEEDINGS{nsfcss99,
  TITLE = {{NSF/CSS} Workshop on New Directions in Control Engineering 
	   Education},
  YEAR = {1998},
  EDITOR = {P. Antsaklis and T. Basar and R. DeCarlo and N. H. McClamroch 
	    and M. Spong and S. Yurkovich},
  ORGANIZATION = {National Science Foundation and IEEE Control Systems Society},
  NOTE = {Available at \url{http://robot0.ge.uiuc.edu/~spong/workshop}}
}

@MISC{nsf00-hsctrl,
  AUTHOR = {{National Science Foundation}},
  TITLE = {{NSF} Workshop for High School Teachers of Mathematics and Science},
  HOWPUBLISHED = {American Control Conference},
  MONTH = Jun,
  YEAR = {2000},
  NOTE = {Available at \url{http://www.math.ukans.edu/ksacg/nsf_hswkshop.html}}
}

@MISC{CP00-workshop,
  AUTHOR = {M. Athans and J. J. S. Sentieiro and M. A. Dahleh},
  TITLE = {Workshop on Future Directions in Systems and Control Theory},
  HOWPUBLISHED = {Cascais, Portugal},
  MONTH = jun,
  YEAR = {2000}
}

@INPROCEEDINGS{Bro00-mathunl,
  AUTHOR = {R. W. Brockett},
  TITLE = {New Issues in the Mathematics of Control},
  BOOKTITLE = {Mathematics Unlimited---2001 and Beyond},
  YEAR = {2000},
  EDITOR = {B. Engquist and W. Schmid},
  PAGES = {189--220},
  PUBLISHER = {Springer Verlag}
}

@BOOK{Wei48,
  AUTHOR = {N. Weiner},
  TITLE = {Cybernetics: Or Control and Communication in the Animal and 
	   the Machine}, 
  PUBLISHER = {John Wiley},
  YEAR = {1948}
}

@BOOK{Wei50,
  AUTHOR = {N. Wiener},
  TITLE = {The Human Use of Human Beings: Cybernetics and Society},
  PUBLISHER = {Houghton Mifflin},
  YEAR = {1950}
}

@BOOK{Tsi54,
  AUTHOR = {H. S. Tsien},
  TITLE = {Engineering Cybernetics},
  PUBLISHER = {McGraw-Hill},
  YEAR = {1954}
}

@MISC{sciam52,
  AUTHOR = {{Scientific American}},
  TITLE = {Special Issue on {Automatic Control}},
  MONTH = sep,
  YEAR = {1952}
}

@BOOK{HD95,
  AUTHOR = {M. B. Hoagland and B. Dodson},
  TITLE = {The Way Life Works},
  PUBLISHER = {Times Books},
  YEAR = {1995}
}

@ARTICLE{BS00:nature,
  AUTHOR = {A. Becskei and L. Serrano},
  TITLE = {Engineering Stability in Gene Networks by Autoregulation},
  JOURNAL = nature,
  YEAR = {2000},
  VOLUME = {405},
  NUMBER = {6786},
  PAGES = {590--593}
}

@ARTICLE{HW00-cell,
  AUTHOR = {D. Hanahan and R. A. Weinberg},
  TITLE = {The Hallmarks of Cancer},
  JOURNAL = cell,
  YEAR = {2000},
  VOLUME = {100},
  PAGES = {57--70}
}

@BOOK{Hom+00-fluidsCD,
  AUTHOR = {G. M. Homsy and H. Aref and K. Breuer and S. Hocqreb and 
	    J. R. Koseff},
  TITLE = {Multimedia Fluid Mechanics},
  PUBLISHER = {Cambridge University Press},
  YEAR = {2000}
}

@BOOK{Lev99-ctrlhbook,
  AUTHOR = {W. S. Levine},
  TITLE = {Control System Fundamentals},
  PUBLISHER = {CRC Press},
  YEAR = {1999}
}

@ARTICLE{BR02-jmc,
  AUTHOR = {E. Brown and H. Rabitz},
  TITLE = {Some mathematical and algorithmic challenges in the control 
	    of quantum dynamics phenomena},
  JOURNAL = jmc,
  YEAR = {2002},
  VOLUME = {31},
  PAGES = {17--63}
}

@ARTICLE{MS95-science,
  AUTHOR = {H. H. McAdamsz and L. Shapiro},
  TITLE = {Circuit simulation of genetic networks},
  JOURNAL = science,
  YEAR = {1995},
  VOLUME = {269},
  NUMBER = {5224},
  PAGES = {650--656}
}

@ARTICLE{YHSD00-pnas,
  AUTHOR = {T. M. Yi and Y. Huang and M. I. Simon and J. C. Doyle},
  TITLE = {Robust perfect adaptation in bacterial chemotaxis through 
	   integral feedback control},
  JOURNAL = pnas,
  YEAR = {2000},
  VOLUME = {97},
  NUMBER = {9},
  PAGES = {4649--4653}
}

@ARTICLE{BL97-nature,
  AUTHOR = {N. Barkai and S. Leibler},
  TITLE = {Robustness in simple biochemical networks},
  JOURNAL = nature,
  YEAR = {1997},
  VOLUME = {387},
  NUMBER = {6636},
  PAGES = {913--917}
}

@ARTICLE{Mar+01-nature,
  AUTHOR = {J. Marescaux and J. Leroy and M. Gagner and F. Rubino and 
	    D. Mutter and M. Vix and S. E. Butner and M. K. Smith}, 
  TITLE = {Transatlantic robot-assisted telesurgery},
  JOURNAL = nature,
  YEAR = {2001},
  VOLUME = {413},
  PAGES = {379--380}
}

@ARTICLE{MFDA99-jtcs,
  AUTHOR = {F. W. Mohr and V. Falk and A. Diegeler and R. Autschbach},
  TITLE = {Computer-enhanced coronary artery bypass surgery},
  JOURNAL = {Journal of Thoracic and Cardiovascular Surgery},
  YEAR = {1999},
  VOLUME = {117},
  NUMBER = {6},
  PAGES = {1212--1214}
}

@ARTICLE{BBB98-corr,
  AUTHOR = {W. L. Bargar and A. Bauer and M. Borner},
  TITLE = {Primary and revision total hip replacement using the 
	   {Robodoc (R)} system}, 
  JOURNAL = {Clinical Orthopaedics and Related Research},
  YEAR = {1998},
  NUMBER = {354},
  PAGES = {82--91}
}

@PHDTHESIS{Par00-phd,
  AUTHOR = {P. Parrilo},
  TITLE = {Structured Semidefinite Programs and Semialgebraic Geometry Methods in Robustness and Optimization},
  SCHOOL = {California Institute of Technology},
  YEAR = {2000},
  ADDRESS = {Control and Dynamical Systems}
}

@ARTICLE{Kum01-csm,
  AUTHOR = {P. R. Kumar},
  TITLE = {New Technological Vistas for Systems and Control: The Example 
	   of Wireless Networks},
  JOURNAL = ConSysMag,
  YEAR = {2001},
  VOLUME = {21},
  NUMBER = {1},
  PAGES = {24--37}
}



@INPROCEEDINGS{NS99-4decades,
  AUTHOR = {H. Nijmeijer and J. M. Schumacher},
  TITLE = {Four decades of mathematical system theory},
  BOOKTITLE = {The Mathematics of Systems and Control: From Intelligent 
	       Control to Behavioral Systems},
  YEAR = {1999},
  EDITOR = {J. W. Polderman and H. L. Trentelman},
  PAGES = {73-83},
  ORGANIZATION = {Univ. of Groningen}
}

@BOOK{cdspanel02,
  EDITOR = {R. M. Murray},
  TITLE = {Control in an Information Rich World: Report of the Panel on Future Directions in Control, Dynamics, and Systems},
  PUBLISHER = {SIAM},
  YEAR = {2002},
  NOTE = {To appear; available at \url{http://www.cds.caltech.edu/~murray/cdspanel}}
}

@BOOK{nrc01-embedded,
  AUTHOR = {{National Research Council}},
  TITLE = {Embedded, Everywhere: A Research Agenda for Networked Systems 
	   of Embedded Computers},
  PUBLISHER = {National Academy Press},
  YEAR = {2001}
}

@MISC{nsf00-dddas,
  AUTHOR = {{National Science Foundation}},
  TITLE = {{NSF} Workshop on Dynamic Data-Driven Application Systems},
  HOWPUBLISHED = {},
  MONTH = Mar,
  YEAR = {2000},
  NOTE = {Available at \url{http://www.cise.nsf.gov/eia/dddas}}
}

@BOOK{af95-vistas,
  EDITOR = {G. H. McCall and J A. Corder},
  TITLE = {New World Vistas: Air and Space Power for the 21st Century},
  PUBLISHER = {United States Air Force},
  YEAR = {1996}
}

@MISC{Ban+97-uav,
        MONTH = Nov,
        NOTE = {Available at \url{http://www.cds.caltech.edu/~murray/notes/uav-nov97.html}},
        HOWPUBLISHED = {Panel Report},
        YEAR = {1997},
        AUTHOR = {S. Banda and J. C. Doyle and R. M. Murray and J. Paduano
            and J. Speyer and G. Stein},
        TITLE = {Research Needs in Dynamics and Control for Uninhabited
           Aerial Vehicles}
}

@ARTICLE{Bew01-pas,
  AUTHOR = {T. R. Bewley },
  TITLE = {Flow control: new challenges for a new {Renaissance}},
  JOURNAL = {Progress in Aerospace Sciences},
  YEAR = {2001},
  VOLUME = {37},
  PAGES = {21--58}
}

@BOOK{Kel94,
  AUTHOR = {K. Kelly},
  TITLE = {Out of Control},
  PUBLISHER = {Addison-Wesley},
  YEAR = {1994},
  NOTE = {Available at \url{http://www.kk.org/outofcontrol}}
}

@BOOK{May70,
  AUTHOR = {O. Mayr},
  TITLE = {The Origins of Feedback Control},
  PUBLISHER = {MIT Press},
  YEAR = {1970}
}

@BOOK{Ben79,
  AUTHOR = {S. Bennett},
  TITLE = {A History of Control Engineering: 1800--1930},
  PUBLISHER = {Peter Peregrinus},
  YEAR = {1986}
}

@BOOK{Ben86,
  AUTHOR = {S. Bennett},
  TITLE = {A History of Control Engineering: 1930--1955},
  PUBLISHER = {Peter Peregrinus},
  YEAR = {1986}
}
